%YAML 1.1
%TAG !u! tag:unity3d.com,2011:
--- !u!114 &-8866938522515543569
MonoBehaviour:
  m_ObjectHideFlags: 0
  m_CorrespondingSourceObject: {fileID: 0}
  m_PrefabInstance: {fileID: 0}
  m_PrefabAsset: {fileID: 0}
  m_GameObject: {fileID: 0}
  m_Enabled: 1
  m_EditorHideFlags: 0
  m_Script: {fileID: 11500000, guid: bd88524f1ecbd48498214ed7181bbcc1, type: 3}
  m_Name: Dialouge
  m_EditorClassIdentifier: 
  graph: {fileID: 11400000}
  position: {x: 616, y: -120}
  ports:
    keys:
    - entry
    - exit
    - exit 0
    values:
    - _fieldName: entry
      _node: {fileID: -8866938522515543569}
      _typeQualifiedName: System.Int32, mscorlib, Version=4.0.0.0, Culture=neutral,
        PublicKeyToken=b77a5c561934e089
      connections:
      - fieldName: exit 0
        node: {fileID: -8227719086174416046}
        reroutePoints: []
      _direction: 0
      _connectionType: 0
      _typeConstraint: 0
      _dynamic: 0
    - _fieldName: exit
      _node: {fileID: -8866938522515543569}
      _typeQualifiedName: System.Int32[], mscorlib, Version=4.0.0.0, Culture=neutral,
        PublicKeyToken=b77a5c561934e089
      connections: []
      _direction: 1
      _connectionType: 0
      _typeConstraint: 0
      _dynamic: 0
    - _fieldName: exit 0
      _node: {fileID: -8866938522515543569}
      _typeQualifiedName: System.Int32, mscorlib, Version=4.0.0.0, Culture=neutral,
        PublicKeyToken=b77a5c561934e089
      connections:
      - fieldName: entry
        node: {fileID: 1062231311434764141}
        reroutePoints: []
      _direction: 1
      _connectionType: 0
      _typeConstraint: 0
      _dynamic: 1
  entry: 0
  exit: 00000000
  speakerName: Bandit
  dialougeLine: Now, be a good dog and hand you head over!
  sprite: {fileID: 21300000, guid: a2fe3a80092b31345a9688ea9edc7662, type: 3}
--- !u!114 &-8227719086174416046
MonoBehaviour:
  m_ObjectHideFlags: 0
  m_CorrespondingSourceObject: {fileID: 0}
  m_PrefabInstance: {fileID: 0}
  m_PrefabAsset: {fileID: 0}
  m_GameObject: {fileID: 0}
  m_Enabled: 1
  m_EditorHideFlags: 0
  m_Script: {fileID: 11500000, guid: bd88524f1ecbd48498214ed7181bbcc1, type: 3}
  m_Name: Dialouge
  m_EditorClassIdentifier: 
  graph: {fileID: 11400000}
  position: {x: 344, y: -120}
  ports:
    keys:
    - entry
    - exit
    - exit 0
    values:
    - _fieldName: entry
      _node: {fileID: -8227719086174416046}
      _typeQualifiedName: System.Int32, mscorlib, Version=4.0.0.0, Culture=neutral,
        PublicKeyToken=b77a5c561934e089
      connections:
      - fieldName: exit 0
        node: {fileID: -314057367825395682}
        reroutePoints: []
      _direction: 0
      _connectionType: 0
      _typeConstraint: 0
      _dynamic: 0
    - _fieldName: exit
      _node: {fileID: -8227719086174416046}
      _typeQualifiedName: System.Int32[], mscorlib, Version=4.0.0.0, Culture=neutral,
        PublicKeyToken=b77a5c561934e089
      connections: []
      _direction: 1
      _connectionType: 0
      _typeConstraint: 0
      _dynamic: 0
    - _fieldName: exit 0
      _node: {fileID: -8227719086174416046}
      _typeQualifiedName: System.Int32, mscorlib, Version=4.0.0.0, Culture=neutral,
        PublicKeyToken=b77a5c561934e089
      connections:
      - fieldName: entry
        node: {fileID: -8866938522515543569}
        reroutePoints: []
      _direction: 1
      _connectionType: 0
      _typeConstraint: 0
      _dynamic: 1
  entry: 0
  exit: 00000000
  speakerName: Bandit
  dialougeLine: Your head  probably could sell and last me for a month.
  sprite: {fileID: 21300000, guid: a2fe3a80092b31345a9688ea9edc7662, type: 3}
--- !u!114 &-5057418603750214365
MonoBehaviour:
  m_ObjectHideFlags: 0
  m_CorrespondingSourceObject: {fileID: 0}
  m_PrefabInstance: {fileID: 0}
  m_PrefabAsset: {fileID: 0}
  m_GameObject: {fileID: 0}
  m_Enabled: 1
  m_EditorHideFlags: 0
  m_Script: {fileID: 11500000, guid: 3f656f7565074d348b95d33a48688abd, type: 3}
  m_Name: Start
  m_EditorClassIdentifier: 
  graph: {fileID: 11400000}
  position: {x: -472, y: -88}
  ports:
    keys:
    - exit
    values:
    - _fieldName: exit
      _node: {fileID: -5057418603750214365}
      _typeQualifiedName: System.Int32, mscorlib, Version=4.0.0.0, Culture=neutral,
        PublicKeyToken=b77a5c561934e089
      connections:
      - fieldName: entry
        node: {fileID: 4050795936685362314}
        reroutePoints: []
      _direction: 1
      _connectionType: 0
      _typeConstraint: 0
      _dynamic: 0
  exit: 0
--- !u!114 &-314057367825395682
MonoBehaviour:
  m_ObjectHideFlags: 0
  m_CorrespondingSourceObject: {fileID: 0}
  m_PrefabInstance: {fileID: 0}
  m_PrefabAsset: {fileID: 0}
  m_GameObject: {fileID: 0}
  m_Enabled: 1
  m_EditorHideFlags: 0
  m_Script: {fileID: 11500000, guid: bd88524f1ecbd48498214ed7181bbcc1, type: 3}
  m_Name: Dialouge
  m_EditorClassIdentifier: 
  graph: {fileID: 11400000}
  position: {x: 88, y: -120}
  ports:
    keys:
    - entry
    - exit
    - exit 0
    values:
    - _fieldName: entry
      _node: {fileID: -314057367825395682}
      _typeQualifiedName: System.Int32, mscorlib, Version=4.0.0.0, Culture=neutral,
        PublicKeyToken=b77a5c561934e089
      connections:
      - fieldName: exit 0
        node: {fileID: 4050795936685362314}
        reroutePoints: []
      _direction: 0
      _connectionType: 0
      _typeConstraint: 0
      _dynamic: 0
    - _fieldName: exit
      _node: {fileID: -314057367825395682}
      _typeQualifiedName: System.Int32[], mscorlib, Version=4.0.0.0, Culture=neutral,
        PublicKeyToken=b77a5c561934e089
      connections: []
      _direction: 1
      _connectionType: 0
      _typeConstraint: 0
      _dynamic: 0
    - _fieldName: exit 0
      _node: {fileID: -314057367825395682}
      _typeQualifiedName: System.Int32, mscorlib, Version=4.0.0.0, Culture=neutral,
        PublicKeyToken=b77a5c561934e089
      connections:
      - fieldName: entry
        node: {fileID: -8227719086174416046}
        reroutePoints: []
      _direction: 1
      _connectionType: 0
      _typeConstraint: 0
      _dynamic: 1
  entry: 0
  exit: 00000000
  speakerName: Bandit
  dialougeLine: Good timing, I am in need of cash right now.
  sprite: {fileID: 21300000, guid: a2fe3a80092b31345a9688ea9edc7662, type: 3}
--- !u!114 &11400000
MonoBehaviour:
  m_ObjectHideFlags: 0
  m_CorrespondingSourceObject: {fileID: 0}
  m_PrefabInstance: {fileID: 0}
  m_PrefabAsset: {fileID: 0}
  m_GameObject: {fileID: 0}
  m_Enabled: 1
  m_EditorHideFlags: 0
  m_Script: {fileID: 11500000, guid: 367361b840ee5834ca790751f1380a37, type: 3}
  m_Name: BanditGraph
  m_EditorClassIdentifier: 
  nodes:
  - {fileID: -5057418603750214365}
  - {fileID: 4050795936685362314}
  - {fileID: -314057367825395682}
  - {fileID: -8227719086174416046}
  - {fileID: -8866938522515543569}
  - {fileID: 1062231311434764141}
  current: {fileID: 1062231311434764141}
--- !u!114 &1062231311434764141
MonoBehaviour:
  m_ObjectHideFlags: 0
  m_CorrespondingSourceObject: {fileID: 0}
  m_PrefabInstance: {fileID: 0}
  m_PrefabAsset: {fileID: 0}
  m_GameObject: {fileID: 0}
  m_Enabled: 1
  m_EditorHideFlags: 0
  m_Script: {fileID: 11500000, guid: 15c490d7f4373f0449afd01757b43ec0, type: 3}
  m_Name: Fight
  m_EditorClassIdentifier: 
  graph: {fileID: 11400000}
  position: {x: 872, y: -88}
  ports:
    keys:
    - entry
    - exit
    - exit 0
    values:
    - _fieldName: entry
      _node: {fileID: 1062231311434764141}
      _typeQualifiedName: System.Int32, mscorlib, Version=4.0.0.0, Culture=neutral,
        PublicKeyToken=b77a5c561934e089
      connections:
      - fieldName: exit 0
        node: {fileID: -8866938522515543569}
        reroutePoints: []
      _direction: 0
      _connectionType: 0
      _typeConstraint: 0
      _dynamic: 0
    - _fieldName: exit
      _node: {fileID: 1062231311434764141}
      _typeQualifiedName: System.Int32[], mscorlib, Version=4.0.0.0, Culture=neutral,
        PublicKeyToken=b77a5c561934e089
      connections: []
      _direction: 1
      _connectionType: 0
      _typeConstraint: 0
      _dynamic: 0
    - _fieldName: exit 0
      _node: {fileID: 1062231311434764141}
      _typeQualifiedName: System.Int32, mscorlib, Version=4.0.0.0, Culture=neutral,
        PublicKeyToken=b77a5c561934e089
      connections: []
      _direction: 1
      _connectionType: 0
      _typeConstraint: 0
      _dynamic: 1
  entry: 0
  exit: 00000000
  enemyAttack: {fileID: 0}
--- !u!114 &4050795936685362314
MonoBehaviour:
  m_ObjectHideFlags: 0
  m_CorrespondingSourceObject: {fileID: 0}
  m_PrefabInstance: {fileID: 0}
  m_PrefabAsset: {fileID: 0}
  m_GameObject: {fileID: 0}
  m_Enabled: 1
  m_EditorHideFlags: 0
  m_Script: {fileID: 11500000, guid: bd88524f1ecbd48498214ed7181bbcc1, type: 3}
  m_Name: Dialouge
  m_EditorClassIdentifier: 
  graph: {fileID: 11400000}
  position: {x: -152, y: -120}
  ports:
    keys:
    - entry
    - exit
    - exit 0
    values:
    - _fieldName: entry
      _node: {fileID: 4050795936685362314}
      _typeQualifiedName: System.Int32, mscorlib, Version=4.0.0.0, Culture=neutral,
        PublicKeyToken=b77a5c561934e089
      connections:
      - fieldName: exit
        node: {fileID: -5057418603750214365}
        reroutePoints: []
      _direction: 0
      _connectionType: 0
      _typeConstraint: 0
      _dynamic: 0
    - _fieldName: exit
      _node: {fileID: 4050795936685362314}
      _typeQualifiedName: System.Int32[], mscorlib, Version=4.0.0.0, Culture=neutral,
        PublicKeyToken=b77a5c561934e089
      connections: []
      _direction: 1
      _connectionType: 0
      _typeConstraint: 0
      _dynamic: 0
    - _fieldName: exit 0
      _node: {fileID: 4050795936685362314}
      _typeQualifiedName: System.Int32, mscorlib, Version=4.0.0.0, Culture=neutral,
        PublicKeyToken=b77a5c561934e089
      connections:
      - fieldName: entry
        node: {fileID: -314057367825395682}
        reroutePoints: []
      _direction: 1
      _connectionType: 0
      _typeConstraint: 0
      _dynamic: 1
  entry: 0
  exit: 00000000
  speakerName: Bandit
  dialougeLine: Hoo... another adventurer huh?
  sprite: {fileID: 21300000, guid: a2fe3a80092b31345a9688ea9edc7662, type: 3}
