%YAML 1.1
%TAG !u! tag:unity3d.com,2011:
--- !u!114 &11400000
MonoBehaviour:
  m_ObjectHideFlags: 0
  m_CorrespondingSourceObject: {fileID: 0}
  m_PrefabInstance: {fileID: 0}
  m_PrefabAsset: {fileID: 0}
  m_GameObject: {fileID: 0}
  m_Enabled: 1
  m_EditorHideFlags: 0
  m_Script: {fileID: 11500000, guid: 367361b840ee5834ca790751f1380a37, type: 3}
  m_Name: TutorialWizard
  m_EditorClassIdentifier: 
  nodes:
  - {fileID: 9124534761372328326}
  - {fileID: 64648084722229899}
  - {fileID: 6773306176422397055}
  - {fileID: 2483784577515299806}
  - {fileID: 4292698143486900531}
  - {fileID: 1579377128030136304}
  current: {fileID: 0}
--- !u!114 &64648084722229899
MonoBehaviour:
  m_ObjectHideFlags: 0
  m_CorrespondingSourceObject: {fileID: 0}
  m_PrefabInstance: {fileID: 0}
  m_PrefabAsset: {fileID: 0}
  m_GameObject: {fileID: 0}
  m_Enabled: 1
  m_EditorHideFlags: 0
  m_Script: {fileID: 11500000, guid: bd88524f1ecbd48498214ed7181bbcc1, type: 3}
  m_Name: Dialouge
  m_EditorClassIdentifier: 
  graph: {fileID: 11400000}
  position: {x: -72, y: -120}
  ports:
    keys:
    - entry
    - exit
    - exit 0
    values:
    - _fieldName: entry
      _node: {fileID: 64648084722229899}
      _typeQualifiedName: System.Int32, mscorlib, Version=4.0.0.0, Culture=neutral,
        PublicKeyToken=b77a5c561934e089
      connections:
      - fieldName: exit
        node: {fileID: 9124534761372328326}
        reroutePoints: []
      _direction: 0
      _connectionType: 0
      _typeConstraint: 0
      _dynamic: 0
    - _fieldName: exit
      _node: {fileID: 64648084722229899}
      _typeQualifiedName: System.Int32[], mscorlib, Version=4.0.0.0, Culture=neutral,
        PublicKeyToken=b77a5c561934e089
      connections: []
      _direction: 1
      _connectionType: 0
      _typeConstraint: 0
      _dynamic: 0
    - _fieldName: exit 0
      _node: {fileID: 64648084722229899}
      _typeQualifiedName: System.Int32, mscorlib, Version=4.0.0.0, Culture=neutral,
        PublicKeyToken=b77a5c561934e089
      connections:
      - fieldName: entry
        node: {fileID: 6773306176422397055}
        reroutePoints: []
      _direction: 1
      _connectionType: 0
      _typeConstraint: 0
      _dynamic: 1
  entry: 0
  exit: 00000000
  speakerName: Wizard
  dialougeLine: Here is how the control work.
  sprite: {fileID: 21300000, guid: 85d1df4724a64c84087c4dec41aa8f59, type: 3}
--- !u!114 &1579377128030136304
MonoBehaviour:
  m_ObjectHideFlags: 0
  m_CorrespondingSourceObject: {fileID: 0}
  m_PrefabInstance: {fileID: 0}
  m_PrefabAsset: {fileID: 0}
  m_GameObject: {fileID: 0}
  m_Enabled: 1
  m_EditorHideFlags: 0
  m_Script: {fileID: 11500000, guid: bd88524f1ecbd48498214ed7181bbcc1, type: 3}
  m_Name: Dialouge
  m_EditorClassIdentifier: 
  graph: {fileID: 11400000}
  position: {x: 760, y: -88}
  ports:
    keys:
    - entry
    - exit
    - exit 0
    values:
    - _fieldName: entry
      _node: {fileID: 1579377128030136304}
      _typeQualifiedName: System.Int32, mscorlib, Version=4.0.0.0, Culture=neutral,
        PublicKeyToken=b77a5c561934e089
      connections:
      - fieldName: exit 0
        node: {fileID: 4292698143486900531}
        reroutePoints: []
      _direction: 0
      _connectionType: 0
      _typeConstraint: 0
      _dynamic: 0
    - _fieldName: exit
      _node: {fileID: 1579377128030136304}
      _typeQualifiedName: System.Int32[], mscorlib, Version=4.0.0.0, Culture=neutral,
        PublicKeyToken=b77a5c561934e089
      connections: []
      _direction: 1
      _connectionType: 0
      _typeConstraint: 0
      _dynamic: 0
    - _fieldName: exit 0
      _node: {fileID: 1579377128030136304}
      _typeQualifiedName: System.Int32, mscorlib, Version=4.0.0.0, Culture=neutral,
        PublicKeyToken=b77a5c561934e089
      connections:
      - fieldName: entry
        node: {fileID: 2483784577515299806}
        reroutePoints: []
      _direction: 1
      _connectionType: 0
      _typeConstraint: 0
      _dynamic: 1
  entry: 0
  exit: 00000000
  speakerName: Wizard
  dialougeLine: That's pretty much it,  easy right?
  sprite: {fileID: 21300000, guid: 85d1df4724a64c84087c4dec41aa8f59, type: 3}
--- !u!114 &2483784577515299806
MonoBehaviour:
  m_ObjectHideFlags: 0
  m_CorrespondingSourceObject: {fileID: 0}
  m_PrefabInstance: {fileID: 0}
  m_PrefabAsset: {fileID: 0}
  m_GameObject: {fileID: 0}
  m_Enabled: 1
  m_EditorHideFlags: 0
  m_Script: {fileID: 11500000, guid: d4ecb96743cc8c5489376b85f8d38c7b, type: 3}
  m_Name: Event
  m_EditorClassIdentifier: 
  graph: {fileID: 11400000}
  position: {x: 984, y: -88}
  ports:
    keys:
    - entry
    - exit
    values:
    - _fieldName: entry
      _node: {fileID: 2483784577515299806}
      _typeQualifiedName: System.Int32, mscorlib, Version=4.0.0.0, Culture=neutral,
        PublicKeyToken=b77a5c561934e089
      connections:
      - fieldName: exit 0
        node: {fileID: 1579377128030136304}
        reroutePoints: []
      _direction: 0
      _connectionType: 0
      _typeConstraint: 0
      _dynamic: 0
    - _fieldName: exit
      _node: {fileID: 2483784577515299806}
      _typeQualifiedName: System.String[], mscorlib, Version=4.0.0.0, Culture=neutral,
        PublicKeyToken=b77a5c561934e089
      connections: []
      _direction: 1
      _connectionType: 0
      _typeConstraint: 0
      _dynamic: 0
  entry: 0
  exit: []
  gameEvent: {fileID: 11400000, guid: b11c5a8c732fc8c49b1284a0636e0e6a, type: 2}
--- !u!114 &4292698143486900531
MonoBehaviour:
  m_ObjectHideFlags: 0
  m_CorrespondingSourceObject: {fileID: 0}
  m_PrefabInstance: {fileID: 0}
  m_PrefabAsset: {fileID: 0}
  m_GameObject: {fileID: 0}
  m_Enabled: 1
  m_EditorHideFlags: 0
  m_Script: {fileID: 11500000, guid: bd88524f1ecbd48498214ed7181bbcc1, type: 3}
  m_Name: Dialouge
  m_EditorClassIdentifier: 
  graph: {fileID: 11400000}
  position: {x: 504, y: -88}
  ports:
    keys:
    - entry
    - exit
    - exit 0
    values:
    - _fieldName: entry
      _node: {fileID: 4292698143486900531}
      _typeQualifiedName: System.Int32, mscorlib, Version=4.0.0.0, Culture=neutral,
        PublicKeyToken=b77a5c561934e089
      connections:
      - fieldName: exit 0
        node: {fileID: 6773306176422397055}
        reroutePoints: []
      _direction: 0
      _connectionType: 0
      _typeConstraint: 0
      _dynamic: 0
    - _fieldName: exit
      _node: {fileID: 4292698143486900531}
      _typeQualifiedName: System.Int32[], mscorlib, Version=4.0.0.0, Culture=neutral,
        PublicKeyToken=b77a5c561934e089
      connections: []
      _direction: 1
      _connectionType: 0
      _typeConstraint: 0
      _dynamic: 0
    - _fieldName: exit 0
      _node: {fileID: 4292698143486900531}
      _typeQualifiedName: System.Int32, mscorlib, Version=4.0.0.0, Culture=neutral,
        PublicKeyToken=b77a5c561934e089
      connections:
      - fieldName: entry
        node: {fileID: 1579377128030136304}
        reroutePoints: []
      _direction: 1
      _connectionType: 0
      _typeConstraint: 0
      _dynamic: 1
  entry: 0
  exit: 00000000
  speakerName: Wizard
  dialougeLine: You can also press shift to dodge the enemy attack.
  sprite: {fileID: 21300000, guid: 85d1df4724a64c84087c4dec41aa8f59, type: 3}
--- !u!114 &6773306176422397055
MonoBehaviour:
  m_ObjectHideFlags: 0
  m_CorrespondingSourceObject: {fileID: 0}
  m_PrefabInstance: {fileID: 0}
  m_PrefabAsset: {fileID: 0}
  m_GameObject: {fileID: 0}
  m_Enabled: 1
  m_EditorHideFlags: 0
  m_Script: {fileID: 11500000, guid: bd88524f1ecbd48498214ed7181bbcc1, type: 3}
  m_Name: Dialouge
  m_EditorClassIdentifier: 
  graph: {fileID: 11400000}
  position: {x: 216, y: -104}
  ports:
    keys:
    - entry
    - exit
    - exit 0
    values:
    - _fieldName: entry
      _node: {fileID: 6773306176422397055}
      _typeQualifiedName: System.Int32, mscorlib, Version=4.0.0.0, Culture=neutral,
        PublicKeyToken=b77a5c561934e089
      connections:
      - fieldName: exit 0
        node: {fileID: 64648084722229899}
        reroutePoints: []
      _direction: 0
      _connectionType: 0
      _typeConstraint: 0
      _dynamic: 0
    - _fieldName: exit
      _node: {fileID: 6773306176422397055}
      _typeQualifiedName: System.Int32[], mscorlib, Version=4.0.0.0, Culture=neutral,
        PublicKeyToken=b77a5c561934e089
      connections: []
      _direction: 1
      _connectionType: 0
      _typeConstraint: 0
      _dynamic: 0
    - _fieldName: exit 0
      _node: {fileID: 6773306176422397055}
      _typeQualifiedName: System.Int32, mscorlib, Version=4.0.0.0, Culture=neutral,
        PublicKeyToken=b77a5c561934e089
      connections:
      - fieldName: entry
        node: {fileID: 4292698143486900531}
        reroutePoints: []
      _direction: 1
      _connectionType: 0
      _typeConstraint: 0
      _dynamic: 1
  entry: 0
  exit: 00000000
  speakerName: Wizard
  dialougeLine: Press WASD to walk, and right mouse to shoot
  sprite: {fileID: 21300000, guid: 85d1df4724a64c84087c4dec41aa8f59, type: 3}
--- !u!114 &9124534761372328326
MonoBehaviour:
  m_ObjectHideFlags: 0
  m_CorrespondingSourceObject: {fileID: 0}
  m_PrefabInstance: {fileID: 0}
  m_PrefabAsset: {fileID: 0}
  m_GameObject: {fileID: 0}
  m_Enabled: 1
  m_EditorHideFlags: 0
  m_Script: {fileID: 11500000, guid: 3f656f7565074d348b95d33a48688abd, type: 3}
  m_Name: Start
  m_EditorClassIdentifier: 
  graph: {fileID: 11400000}
  position: {x: -440, y: -104}
  ports:
    keys:
    - exit
    values:
    - _fieldName: exit
      _node: {fileID: 9124534761372328326}
      _typeQualifiedName: System.Int32, mscorlib, Version=4.0.0.0, Culture=neutral,
        PublicKeyToken=b77a5c561934e089
      connections:
      - fieldName: entry
        node: {fileID: 64648084722229899}
        reroutePoints: []
      _direction: 1
      _connectionType: 0
      _typeConstraint: 0
      _dynamic: 0
  exit: 0
