%YAML 1.1
%TAG !u! tag:unity3d.com,2011:
--- !u!114 &-5925947624362838965
MonoBehaviour:
  m_ObjectHideFlags: 0
  m_CorrespondingSourceObject: {fileID: 0}
  m_PrefabInstance: {fileID: 0}
  m_PrefabAsset: {fileID: 0}
  m_GameObject: {fileID: 0}
  m_Enabled: 1
  m_EditorHideFlags: 0
  m_Script: {fileID: 11500000, guid: bd88524f1ecbd48498214ed7181bbcc1, type: 3}
  m_Name: Dialouge
  m_EditorClassIdentifier: 
  graph: {fileID: 11400000}
  position: {x: -72, y: -136}
  ports:
    keys:
    - entry
    - exit
    - exit 0
    values:
    - _fieldName: entry
      _node: {fileID: -5925947624362838965}
      _typeQualifiedName: System.Int32, mscorlib, Version=4.0.0.0, Culture=neutral,
        PublicKeyToken=b77a5c561934e089
      connections:
      - fieldName: exit
        node: {fileID: -5591400661199293039}
        reroutePoints: []
      _direction: 0
      _connectionType: 0
      _typeConstraint: 0
      _dynamic: 0
    - _fieldName: exit
      _node: {fileID: -5925947624362838965}
      _typeQualifiedName: System.Int32[], mscorlib, Version=4.0.0.0, Culture=neutral,
        PublicKeyToken=b77a5c561934e089
      connections: []
      _direction: 1
      _connectionType: 0
      _typeConstraint: 0
      _dynamic: 0
    - _fieldName: exit 0
      _node: {fileID: -5925947624362838965}
      _typeQualifiedName: System.Int32, mscorlib, Version=4.0.0.0, Culture=neutral,
        PublicKeyToken=b77a5c561934e089
      connections:
      - fieldName: entry
        node: {fileID: -167682954094826616}
        reroutePoints: []
      _direction: 1
      _connectionType: 0
      _typeConstraint: 0
      _dynamic: 1
  entry: 0
  exit: 00000000
  speakerName: Wizard
  dialougeLine: First, let's learn about shooting.
  sprite: {fileID: 21300000, guid: 85d1df4724a64c84087c4dec41aa8f59, type: 3}
--- !u!114 &-5591400661199293039
MonoBehaviour:
  m_ObjectHideFlags: 0
  m_CorrespondingSourceObject: {fileID: 0}
  m_PrefabInstance: {fileID: 0}
  m_PrefabAsset: {fileID: 0}
  m_GameObject: {fileID: 0}
  m_Enabled: 1
  m_EditorHideFlags: 0
  m_Script: {fileID: 11500000, guid: 3f656f7565074d348b95d33a48688abd, type: 3}
  m_Name: Start
  m_EditorClassIdentifier: 
  graph: {fileID: 11400000}
  position: {x: -376, y: -56}
  ports:
    keys:
    - exit
    values:
    - _fieldName: exit
      _node: {fileID: -5591400661199293039}
      _typeQualifiedName: System.Int32, mscorlib, Version=4.0.0.0, Culture=neutral,
        PublicKeyToken=b77a5c561934e089
      connections:
      - fieldName: entry
        node: {fileID: -5925947624362838965}
        reroutePoints: []
      _direction: 1
      _connectionType: 0
      _typeConstraint: 0
      _dynamic: 0
  exit: 0
--- !u!114 &-2480870104016956110
MonoBehaviour:
  m_ObjectHideFlags: 0
  m_CorrespondingSourceObject: {fileID: 0}
  m_PrefabInstance: {fileID: 0}
  m_PrefabAsset: {fileID: 0}
  m_GameObject: {fileID: 0}
  m_Enabled: 1
  m_EditorHideFlags: 0
  m_Script: {fileID: 11500000, guid: d4ecb96743cc8c5489376b85f8d38c7b, type: 3}
  m_Name: Event
  m_EditorClassIdentifier: 
  graph: {fileID: 11400000}
  position: {x: 664, y: -120}
  ports:
    keys:
    - entry
    - exit
    - exit 0
    values:
    - _fieldName: entry
      _node: {fileID: -2480870104016956110}
      _typeQualifiedName: System.Int32, mscorlib, Version=4.0.0.0, Culture=neutral,
        PublicKeyToken=b77a5c561934e089
      connections:
      - fieldName: exit 0
        node: {fileID: 777353147246955273}
        reroutePoints: []
      _direction: 0
      _connectionType: 0
      _typeConstraint: 0
      _dynamic: 0
    - _fieldName: exit
      _node: {fileID: -2480870104016956110}
      _typeQualifiedName: System.String[], mscorlib, Version=4.0.0.0, Culture=neutral,
        PublicKeyToken=b77a5c561934e089
      connections: []
      _direction: 1
      _connectionType: 0
      _typeConstraint: 0
      _dynamic: 0
    - _fieldName: exit 0
      _node: {fileID: -2480870104016956110}
      _typeQualifiedName: System.String, mscorlib, Version=4.0.0.0, Culture=neutral,
        PublicKeyToken=b77a5c561934e089
      connections: []
      _direction: 1
      _connectionType: 0
      _typeConstraint: 0
      _dynamic: 1
  entry: 0
  exit:
  - 
  gameEvent: {fileID: 11400000, guid: 62336cdcd4656c64e89450acda9c8578, type: 2}
--- !u!114 &-167682954094826616
MonoBehaviour:
  m_ObjectHideFlags: 0
  m_CorrespondingSourceObject: {fileID: 0}
  m_PrefabInstance: {fileID: 0}
  m_PrefabAsset: {fileID: 0}
  m_GameObject: {fileID: 0}
  m_Enabled: 1
  m_EditorHideFlags: 0
  m_Script: {fileID: 11500000, guid: bd88524f1ecbd48498214ed7181bbcc1, type: 3}
  m_Name: Dialouge
  m_EditorClassIdentifier: 
  graph: {fileID: 11400000}
  position: {x: 168, y: -136}
  ports:
    keys:
    - entry
    - exit
    - exit 0
    values:
    - _fieldName: entry
      _node: {fileID: -167682954094826616}
      _typeQualifiedName: System.Int32, mscorlib, Version=4.0.0.0, Culture=neutral,
        PublicKeyToken=b77a5c561934e089
      connections:
      - fieldName: exit 0
        node: {fileID: -5925947624362838965}
        reroutePoints: []
      _direction: 0
      _connectionType: 0
      _typeConstraint: 0
      _dynamic: 0
    - _fieldName: exit
      _node: {fileID: -167682954094826616}
      _typeQualifiedName: System.Int32[], mscorlib, Version=4.0.0.0, Culture=neutral,
        PublicKeyToken=b77a5c561934e089
      connections: []
      _direction: 1
      _connectionType: 0
      _typeConstraint: 0
      _dynamic: 0
    - _fieldName: exit 0
      _node: {fileID: -167682954094826616}
      _typeQualifiedName: System.Int32, mscorlib, Version=4.0.0.0, Culture=neutral,
        PublicKeyToken=b77a5c561934e089
      connections:
      - fieldName: entry
        node: {fileID: 777353147246955273}
        reroutePoints: []
      _direction: 1
      _connectionType: 0
      _typeConstraint: 0
      _dynamic: 1
  entry: 0
  exit: 00000000
  speakerName: Wizard
  dialougeLine: To shoot, press your left mouse.
  sprite: {fileID: 21300000, guid: 85d1df4724a64c84087c4dec41aa8f59, type: 3}
--- !u!114 &11400000
MonoBehaviour:
  m_ObjectHideFlags: 0
  m_CorrespondingSourceObject: {fileID: 0}
  m_PrefabInstance: {fileID: 0}
  m_PrefabAsset: {fileID: 0}
  m_GameObject: {fileID: 0}
  m_Enabled: 1
  m_EditorHideFlags: 0
  m_Script: {fileID: 11500000, guid: 367361b840ee5834ca790751f1380a37, type: 3}
  m_Name: Wizard2
  m_EditorClassIdentifier: 
  nodes:
  - {fileID: -5591400661199293039}
  - {fileID: -5925947624362838965}
  - {fileID: -2480870104016956110}
  - {fileID: -167682954094826616}
  - {fileID: 777353147246955273}
  current: {fileID: 0}
--- !u!114 &777353147246955273
MonoBehaviour:
  m_ObjectHideFlags: 0
  m_CorrespondingSourceObject: {fileID: 0}
  m_PrefabInstance: {fileID: 0}
  m_PrefabAsset: {fileID: 0}
  m_GameObject: {fileID: 0}
  m_Enabled: 1
  m_EditorHideFlags: 0
  m_Script: {fileID: 11500000, guid: bd88524f1ecbd48498214ed7181bbcc1, type: 3}
  m_Name: Dialouge
  m_EditorClassIdentifier: 
  graph: {fileID: 11400000}
  position: {x: 408, y: -136}
  ports:
    keys:
    - entry
    - exit
    - exit 0
    values:
    - _fieldName: entry
      _node: {fileID: 777353147246955273}
      _typeQualifiedName: System.Int32, mscorlib, Version=4.0.0.0, Culture=neutral,
        PublicKeyToken=b77a5c561934e089
      connections:
      - fieldName: exit 0
        node: {fileID: -167682954094826616}
        reroutePoints: []
      _direction: 0
      _connectionType: 0
      _typeConstraint: 0
      _dynamic: 0
    - _fieldName: exit
      _node: {fileID: 777353147246955273}
      _typeQualifiedName: System.Int32[], mscorlib, Version=4.0.0.0, Culture=neutral,
        PublicKeyToken=b77a5c561934e089
      connections: []
      _direction: 1
      _connectionType: 0
      _typeConstraint: 0
      _dynamic: 0
    - _fieldName: exit 0
      _node: {fileID: 777353147246955273}
      _typeQualifiedName: System.Int32, mscorlib, Version=4.0.0.0, Culture=neutral,
        PublicKeyToken=b77a5c561934e089
      connections:
      - fieldName: entry
        node: {fileID: -2480870104016956110}
        reroutePoints: []
      _direction: 1
      _connectionType: 0
      _typeConstraint: 0
      _dynamic: 1
  entry: 0
  exit: 00000000
  speakerName: Wizard
  dialougeLine: Try shooting  all of these target.
  sprite: {fileID: 21300000, guid: 85d1df4724a64c84087c4dec41aa8f59, type: 3}
