%YAML 1.1
%TAG !u! tag:unity3d.com,2011:
--- !u!1 &1551010267
GameObject:
  m_ObjectHideFlags: 0
  m_CorrespondingSourceObject: {fileID: 0}
  m_PrefabInstance: {fileID: 0}
  m_PrefabAsset: {fileID: 0}
  serializedVersion: 6
  m_Component:
  - component: {fileID: 1551010268}
  - component: {fileID: 1551010272}
  - component: {fileID: 1551010271}
  - component: {fileID: 1551010270}
  - component: {fileID: 899911835926705368}
  m_Layer: 9
  m_Name: Shield (1)
  m_TagString: Enemy
  m_Icon: {fileID: 0}
  m_NavMeshLayer: 0
  m_StaticEditorFlags: 0
  m_IsActive: 1
--- !u!4 &1551010268
Transform:
  m_ObjectHideFlags: 0
  m_CorrespondingSourceObject: {fileID: 0}
  m_PrefabInstance: {fileID: 0}
  m_PrefabAsset: {fileID: 0}
  m_GameObject: {fileID: 1551010267}
  m_LocalRotation: {x: -0, y: -0, z: -0, w: 1}
  m_LocalPosition: {x: -0.34, y: 0.13199998, z: 0}
  m_LocalScale: {x: 0.85864, y: 0.85864, z: 0.85864}
  m_Children:
  - {fileID: 1006306312940736628}
  m_Father: {fileID: 674501381760886444}
  m_RootOrder: 5
  m_LocalEulerAnglesHint: {x: 0, y: 0, z: 0}
--- !u!212 &1551010272
SpriteRenderer:
  m_ObjectHideFlags: 0
  m_CorrespondingSourceObject: {fileID: 0}
  m_PrefabInstance: {fileID: 0}
  m_PrefabAsset: {fileID: 0}
  m_GameObject: {fileID: 1551010267}
  m_Enabled: 1
  m_CastShadows: 0
  m_ReceiveShadows: 0
  m_DynamicOccludee: 1
  m_MotionVectors: 1
  m_LightProbeUsage: 1
  m_ReflectionProbeUsage: 1
  m_RayTracingMode: 0
  m_RayTraceProcedural: 0
  m_RenderingLayerMask: 1
  m_RendererPriority: 0
  m_Materials:
  - {fileID: 2100000, guid: 9dfc825aed78fcd4ba02077103263b40, type: 2}
  m_StaticBatchInfo:
    firstSubMesh: 0
    subMeshCount: 0
  m_StaticBatchRoot: {fileID: 0}
  m_ProbeAnchor: {fileID: 0}
  m_LightProbeVolumeOverride: {fileID: 0}
  m_ScaleInLightmap: 1
  m_ReceiveGI: 1
  m_PreserveUVs: 0
  m_IgnoreNormalsForChartDetection: 0
  m_ImportantGI: 0
  m_StitchLightmapSeams: 1
  m_SelectedEditorRenderState: 0
  m_MinimumChartSize: 4
  m_AutoUVMaxDistance: 0.5
  m_AutoUVMaxAngle: 89
  m_LightmapParameters: {fileID: 0}
  m_SortingLayerID: 995091793
  m_SortingLayer: 2
  m_SortingOrder: 0
  m_Sprite: {fileID: 21300000, guid: 4225d63f45225cd4898e6d2864781d17, type: 3}
  m_Color: {r: 1, g: 1, b: 1, a: 1}
  m_FlipX: 0
  m_FlipY: 0
  m_DrawMode: 0
  m_Size: {x: 1, y: 1}
  m_AdaptiveModeThreshold: 0.5
  m_SpriteTileMode: 0
  m_WasSpriteAssigned: 1
  m_MaskInteraction: 0
  m_SpriteSortPoint: 0
--- !u!114 &1551010271
MonoBehaviour:
  m_ObjectHideFlags: 0
  m_CorrespondingSourceObject: {fileID: 0}
  m_PrefabInstance: {fileID: 0}
  m_PrefabAsset: {fileID: 0}
  m_GameObject: {fileID: 1551010267}
  m_Enabled: 1
  m_EditorHideFlags: 0
  m_Script: {fileID: 11500000, guid: bc5f159400fb6414fbb3d785b66a35c0, type: 3}
  m_Name: 
  m_EditorClassIdentifier: 
--- !u!114 &1551010270
MonoBehaviour:
  m_ObjectHideFlags: 0
  m_CorrespondingSourceObject: {fileID: 0}
  m_PrefabInstance: {fileID: 0}
  m_PrefabAsset: {fileID: 0}
  m_GameObject: {fileID: 1551010267}
  m_Enabled: 1
  m_EditorHideFlags: 0
  m_Script: {fileID: 11500000, guid: 116a4d53ebcae134594b96d8174d59b8, type: 3}
  m_Name: 
  m_EditorClassIdentifier: 
  boss: 0
  bossBandit: 0
  bossWizard: 0
  bossGolem: 0
  Bossname: 
  health: 100000000
  deadEffect: {fileID: 0}
--- !u!70 &899911835926705368
CapsuleCollider2D:
  m_ObjectHideFlags: 0
  m_CorrespondingSourceObject: {fileID: 0}
  m_PrefabInstance: {fileID: 0}
  m_PrefabAsset: {fileID: 0}
  m_GameObject: {fileID: 1551010267}
  m_Enabled: 1
  m_Density: 1
  m_Material: {fileID: 0}
  m_IsTrigger: 1
  m_UsedByEffector: 0
  m_UsedByComposite: 0
  m_Offset: {x: -0.000000029802322, y: 0.000000014901161}
  m_Size: {x: 0.17, y: 0.32}
  m_Direction: 0
--- !u!1 &1597878169
GameObject:
  m_ObjectHideFlags: 0
  m_CorrespondingSourceObject: {fileID: 0}
  m_PrefabInstance: {fileID: 0}
  m_PrefabAsset: {fileID: 0}
  serializedVersion: 6
  m_Component:
  - component: {fileID: 1597878170}
  m_Layer: 9
  m_Name: ShieldPivot
  m_TagString: Untagged
  m_Icon: {fileID: 0}
  m_NavMeshLayer: 0
  m_StaticEditorFlags: 0
  m_IsActive: 1
--- !u!4 &1597878170
Transform:
  m_ObjectHideFlags: 0
  m_CorrespondingSourceObject: {fileID: 0}
  m_PrefabInstance: {fileID: 0}
  m_PrefabAsset: {fileID: 0}
  m_GameObject: {fileID: 1597878169}
  m_LocalRotation: {x: 0, y: 0, z: 0, w: 1}
  m_LocalPosition: {x: 0, y: 0.132, z: 0}
  m_LocalScale: {x: 1, y: 1, z: 1}
  m_Children: []
  m_Father: {fileID: 674501381760886444}
  m_RootOrder: 3
  m_LocalEulerAnglesHint: {x: 0, y: 0, z: 0}
--- !u!1 &674501381760886435
GameObject:
  m_ObjectHideFlags: 0
  m_CorrespondingSourceObject: {fileID: 0}
  m_PrefabInstance: {fileID: 0}
  m_PrefabAsset: {fileID: 0}
  serializedVersion: 6
  m_Component:
  - component: {fileID: 674501381760886444}
  - component: {fileID: 674501381760886447}
  - component: {fileID: 674501381760886446}
  - component: {fileID: 674501381760886432}
  - component: {fileID: 674501381760886433}
  - component: {fileID: 5932489479565127080}
  - component: {fileID: 7389966746602198387}
  - component: {fileID: 8216016266260336169}
  - component: {fileID: 5580378890832372076}
  - component: {fileID: 7438983340815361900}
  m_Layer: 9
  m_Name: Boss_Golem
  m_TagString: Enemy
  m_Icon: {fileID: 0}
  m_NavMeshLayer: 0
  m_StaticEditorFlags: 0
  m_IsActive: 1
--- !u!4 &674501381760886444
Transform:
  m_ObjectHideFlags: 0
  m_CorrespondingSourceObject: {fileID: 0}
  m_PrefabInstance: {fileID: 0}
  m_PrefabAsset: {fileID: 0}
  m_GameObject: {fileID: 674501381760886435}
  m_LocalRotation: {x: 0, y: 0, z: 0, w: 1}
  m_LocalPosition: {x: 0, y: 0, z: 0}
  m_LocalScale: {x: 6.6173606, y: 6.6173606, z: 6.6173606}
  m_Children:
  - {fileID: 674501381800444214}
  - {fileID: 7759905820898464068}
  - {fileID: 5580378889181337810}
  - {fileID: 1597878170}
  - {fileID: 1215752631360859944}
  - {fileID: 1551010268}
  m_Father: {fileID: 0}
  m_RootOrder: 0
  m_LocalEulerAnglesHint: {x: 0, y: 0, z: 0}
--- !u!114 &674501381760886447
MonoBehaviour:
  m_ObjectHideFlags: 0
  m_CorrespondingSourceObject: {fileID: 0}
  m_PrefabInstance: {fileID: 0}
  m_PrefabAsset: {fileID: 0}
  m_GameObject: {fileID: 674501381760886435}
  m_Enabled: 1
  m_EditorHideFlags: 0
  m_Script: {fileID: 11500000, guid: 373b52eb9bf8c40f785bb6947a1aee66, type: 3}
  m_Name: 
  m_EditorClassIdentifier: 
  version: 1
  drawGizmos: 1
  detailedGizmos: 0
  startEndModifier:
    addPoints: 0
    exactStartPoint: 3
    exactEndPoint: 3
    useRaycasting: 0
    mask:
      serializedVersion: 2
      m_Bits: 4294967295
    useGraphRaycasting: 0
  traversableTags: -1
  tagPenalties: 0000000000000000000000000000000000000000000000000000000000000000000000000000000000000000000000000000000000000000000000000000000000000000000000000000000000000000000000000000000000000000000000000000000000000000000000000000000000000000000000000000000000000000
  graphMask:
    value: -1
--- !u!114 &674501381760886446
MonoBehaviour:
  m_ObjectHideFlags: 0
  m_CorrespondingSourceObject: {fileID: 0}
  m_PrefabInstance: {fileID: 0}
  m_PrefabAsset: {fileID: 0}
  m_GameObject: {fileID: 674501381760886435}
  m_Enabled: 1
  m_EditorHideFlags: 0
  m_Script: {fileID: 11500000, guid: f6eb1402c17e84a9282a7f0f62eb584f, type: 3}
  m_Name: 
  m_EditorClassIdentifier: 
  version: 2
  radius: 0.1
  height: 2
  repathRate: 0.1
  canSearch: 1
  canMove: 0
  maxSpeed: 5
  gravity: {x: 0, y: 0, z: 0}
  groundMask:
    serializedVersion: 2
    m_Bits: 4294967295
  centerOffsetCompatibility: NaN
  orientation: 1
  enableRotation: 0
  targetCompatibility: {fileID: 0}
  maxAcceleration: -2.5
  rotationSpeed: 360
  slowdownDistance: 0
  pickNextWaypointDist: 1
  endReachedDistance: 0.5
  alwaysDrawGizmos: 1
  slowWhenNotFacingTarget: 1
  whenCloseToDestination: 0
  constrainInsideGraph: 0
--- !u!114 &674501381760886432
MonoBehaviour:
  m_ObjectHideFlags: 0
  m_CorrespondingSourceObject: {fileID: 0}
  m_PrefabInstance: {fileID: 0}
  m_PrefabAsset: {fileID: 0}
  m_GameObject: {fileID: 674501381760886435}
  m_Enabled: 1
  m_EditorHideFlags: 0
  m_Script: {fileID: 11500000, guid: c9679e68a0f1144e79c664d9a11ca121, type: 3}
  m_Name: 
  m_EditorClassIdentifier: 
  version: 1
  target: {fileID: 0}
--- !u!114 &674501381760886433
MonoBehaviour:
  m_ObjectHideFlags: 0
  m_CorrespondingSourceObject: {fileID: 0}
  m_PrefabInstance: {fileID: 0}
  m_PrefabAsset: {fileID: 0}
  m_GameObject: {fileID: 674501381760886435}
  m_Enabled: 1
  m_EditorHideFlags: 0
  m_Script: {fileID: 11500000, guid: 116a4d53ebcae134594b96d8174d59b8, type: 3}
  m_Name: 
  m_EditorClassIdentifier: 
  boss: 1
  bossBandit: 0
  bossWizard: 0
  bossGolem: 1
  Bossname: mecha golem
  health: 100
  deadEffect: {fileID: 6928150360424657010, guid: a402f20d331bc394784d4f6893c43f5a, type: 3}
--- !u!114 &5932489479565127080
MonoBehaviour:
  m_ObjectHideFlags: 0
  m_CorrespondingSourceObject: {fileID: 0}
  m_PrefabInstance: {fileID: 0}
  m_PrefabAsset: {fileID: 0}
  m_GameObject: {fileID: 674501381760886435}
  m_Enabled: 1
  m_EditorHideFlags: 0
  m_Script: {fileID: 11500000, guid: 1a1d087917331b94dbeb068d8bebbf27, type: 3}
  m_Name: 
  m_EditorClassIdentifier: 
  dropMin: 50
  dropMax: 50
  deadDrop: {fileID: 4325548147689150685, guid: 0db2563063bef3a4f8d5dff15cf9c196, type: 3}
--- !u!50 &7389966746602198387
Rigidbody2D:
  serializedVersion: 4
  m_ObjectHideFlags: 0
  m_CorrespondingSourceObject: {fileID: 0}
  m_PrefabInstance: {fileID: 0}
  m_PrefabAsset: {fileID: 0}
  m_GameObject: {fileID: 674501381760886435}
  m_BodyType: 0
  m_Simulated: 1
  m_UseFullKinematicContacts: 0
  m_UseAutoMass: 0
  m_Mass: 1
  m_LinearDrag: 0
  m_AngularDrag: 0.05
  m_GravityScale: 0
  m_Material: {fileID: 0}
  m_Interpolate: 0
  m_SleepingMode: 1
  m_CollisionDetection: 0
  m_Constraints: 4
--- !u!95 &8216016266260336169
Animator:
  serializedVersion: 3
  m_ObjectHideFlags: 0
  m_CorrespondingSourceObject: {fileID: 0}
  m_PrefabInstance: {fileID: 0}
  m_PrefabAsset: {fileID: 0}
  m_GameObject: {fileID: 674501381760886435}
  m_Enabled: 1
  m_Avatar: {fileID: 0}
  m_Controller: {fileID: 9100000, guid: 48afe948ede36ab4bbabbed8c39441b9, type: 2}
  m_CullingMode: 0
  m_UpdateMode: 0
  m_ApplyRootMotion: 0
  m_LinearVelocityBlending: 0
  m_WarningMessage: 
  m_HasTransformHierarchy: 1
  m_AllowConstantClipSamplingOptimization: 1
  m_KeepAnimatorControllerStateOnDisable: 0
--- !u!70 &5580378890832372076
CapsuleCollider2D:
  m_ObjectHideFlags: 0
  m_CorrespondingSourceObject: {fileID: 0}
  m_PrefabInstance: {fileID: 0}
  m_PrefabAsset: {fileID: 0}
  m_GameObject: {fileID: 674501381760886435}
  m_Enabled: 1
  m_Density: 1
  m_Material: {fileID: 0}
  m_IsTrigger: 0
  m_UsedByEffector: 0
  m_UsedByComposite: 0
  m_Offset: {x: -0.0025254623, y: 0.15}
  m_Size: {x: 0.1666288, y: 0.37366673}
  m_Direction: 0
--- !u!114 &7438983340815361900
MonoBehaviour:
  m_ObjectHideFlags: 0
  m_CorrespondingSourceObject: {fileID: 0}
  m_PrefabInstance: {fileID: 0}
  m_PrefabAsset: {fileID: 0}
  m_GameObject: {fileID: 674501381760886435}
  m_Enabled: 1
  m_EditorHideFlags: 0
  m_Script: {fileID: 11500000, guid: 0fddc450fcbddbb4dbd35f5376dadf51, type: 3}
  m_Name: 
  m_EditorClassIdentifier: 
  enemyType: 0
  enemyState: 0
  bossName: Mecha Golem
  moveTimer: 10
  attackState: 0
  shotCooldown: 0
  bombAmount: 0
  bombWaypoint: {fileID: 0}
  bomb: {fileID: 5246416716736730382, guid: d88f2e514785f5b46b6c3db2678415d6, type: 3}
  shield: {fileID: 4596212971926516941}
  shield2: {fileID: 1551010267}
  Laser: {fileID: 1006306312986362426}
  Laser2: {fileID: 1006306312940736627}
  shieldPivot: {fileID: 1597878169}
  waypoint:
  - {fileID: 0}
  - {fileID: 0}
  - {fileID: 0}
  - {fileID: 0}
  - {fileID: 0}
  - {fileID: 0}
  - {fileID: 0}
  - {fileID: 0}
  - {fileID: 0}
  enemyGraphic: {fileID: 0}
--- !u!1 &674501381800444201
GameObject:
  m_ObjectHideFlags: 0
  m_CorrespondingSourceObject: {fileID: 0}
  m_PrefabInstance: {fileID: 0}
  m_PrefabAsset: {fileID: 0}
  serializedVersion: 6
  m_Component:
  - component: {fileID: 674501381800444214}
  - component: {fileID: 674501381800444212}
  - component: {fileID: 674501381800444215}
  m_Layer: 0
  m_Name: EnemySprite
  m_TagString: Untagged
  m_Icon: {fileID: 0}
  m_NavMeshLayer: 0
  m_StaticEditorFlags: 0
  m_IsActive: 1
--- !u!4 &674501381800444214
Transform:
  m_ObjectHideFlags: 0
  m_CorrespondingSourceObject: {fileID: 0}
  m_PrefabInstance: {fileID: 0}
  m_PrefabAsset: {fileID: 0}
  m_GameObject: {fileID: 674501381800444201}
  m_LocalRotation: {x: 0, y: 0, z: 0, w: 1}
  m_LocalPosition: {x: 0, y: 0.136, z: 0}
  m_LocalScale: {x: 0.82589066, y: 0.82589066, z: 0.82589066}
  m_Children: []
  m_Father: {fileID: 674501381760886444}
  m_RootOrder: 0
  m_LocalEulerAnglesHint: {x: 0, y: 0, z: 0}
--- !u!212 &674501381800444212
SpriteRenderer:
  m_ObjectHideFlags: 0
  m_CorrespondingSourceObject: {fileID: 0}
  m_PrefabInstance: {fileID: 0}
  m_PrefabAsset: {fileID: 0}
  m_GameObject: {fileID: 674501381800444201}
  m_Enabled: 1
  m_CastShadows: 0
  m_ReceiveShadows: 0
  m_DynamicOccludee: 1
  m_MotionVectors: 1
  m_LightProbeUsage: 1
  m_ReflectionProbeUsage: 1
  m_RayTracingMode: 0
  m_RayTraceProcedural: 0
  m_RenderingLayerMask: 1
  m_RendererPriority: 0
  m_Materials:
  - {fileID: 10754, guid: 0000000000000000f000000000000000, type: 0}
  m_StaticBatchInfo:
    firstSubMesh: 0
    subMeshCount: 0
  m_StaticBatchRoot: {fileID: 0}
  m_ProbeAnchor: {fileID: 0}
  m_LightProbeVolumeOverride: {fileID: 0}
  m_ScaleInLightmap: 1
  m_ReceiveGI: 1
  m_PreserveUVs: 0
  m_IgnoreNormalsForChartDetection: 0
  m_ImportantGI: 0
  m_StitchLightmapSeams: 1
  m_SelectedEditorRenderState: 0
  m_MinimumChartSize: 4
  m_AutoUVMaxDistance: 0.5
  m_AutoUVMaxAngle: 89
  m_LightmapParameters: {fileID: 0}
  m_SortingLayerID: 1020642331
  m_SortingLayer: 1
  m_SortingOrder: 0
  m_Sprite: {fileID: 7284306571641034622, guid: 63cda10c5fb0f7f449bbd94909920a6a, type: 3}
  m_Color: {r: 1, g: 1, b: 1, a: 1}
  m_FlipX: 0
  m_FlipY: 0
  m_DrawMode: 0
  m_Size: {x: 0.28, y: 0.31}
  m_AdaptiveModeThreshold: 0.5
  m_SpriteTileMode: 0
  m_WasSpriteAssigned: 1
  m_MaskInteraction: 0
  m_SpriteSortPoint: 0
--- !u!114 &674501381800444215
MonoBehaviour:
  m_ObjectHideFlags: 0
  m_CorrespondingSourceObject: {fileID: 0}
  m_PrefabInstance: {fileID: 0}
  m_PrefabAsset: {fileID: 0}
  m_GameObject: {fileID: 674501381800444201}
  m_Enabled: 1
  m_EditorHideFlags: 0
  m_Script: {fileID: 11500000, guid: bfc56168344795141bd79f4ec5020d63, type: 3}
  m_Name: 
  m_EditorClassIdentifier: 
  aiPath: {fileID: 674501381760886446}
  graphicType: 1
--- !u!1 &807883209618752177
GameObject:
  m_ObjectHideFlags: 0
  m_CorrespondingSourceObject: {fileID: 0}
  m_PrefabInstance: {fileID: 0}
  m_PrefabAsset: {fileID: 0}
  serializedVersion: 6
  m_Component:
  - component: {fileID: 7759905820898464068}
  - component: {fileID: 5580378890794230022}
  m_Layer: 9
  m_Name: BulletPoint
  m_TagString: Untagged
  m_Icon: {fileID: 0}
  m_NavMeshLayer: 0
  m_StaticEditorFlags: 0
  m_IsActive: 1
--- !u!4 &7759905820898464068
Transform:
  m_ObjectHideFlags: 0
  m_CorrespondingSourceObject: {fileID: 0}
  m_PrefabInstance: {fileID: 0}
  m_PrefabAsset: {fileID: 0}
  m_GameObject: {fileID: 807883209618752177}
  m_LocalRotation: {x: 0, y: 0, z: 0, w: 1}
  m_LocalPosition: {x: 0, y: 0, z: -2}
  m_LocalScale: {x: 1, y: 1, z: 1}
  m_Children: []
  m_Father: {fileID: 674501381760886444}
  m_RootOrder: 1
  m_LocalEulerAnglesHint: {x: 0, y: 0, z: 0}
--- !u!212 &5580378890794230022
SpriteRenderer:
  m_ObjectHideFlags: 0
  m_CorrespondingSourceObject: {fileID: 0}
  m_PrefabInstance: {fileID: 0}
  m_PrefabAsset: {fileID: 0}
  m_GameObject: {fileID: 807883209618752177}
  m_Enabled: 0
  m_CastShadows: 0
  m_ReceiveShadows: 0
  m_DynamicOccludee: 1
  m_MotionVectors: 1
  m_LightProbeUsage: 1
  m_ReflectionProbeUsage: 1
  m_RayTracingMode: 0
  m_RayTraceProcedural: 0
  m_RenderingLayerMask: 1
  m_RendererPriority: 0
  m_Materials:
  - {fileID: 2100000, guid: 9dfc825aed78fcd4ba02077103263b40, type: 2}
  m_StaticBatchInfo:
    firstSubMesh: 0
    subMeshCount: 0
  m_StaticBatchRoot: {fileID: 0}
  m_ProbeAnchor: {fileID: 0}
  m_LightProbeVolumeOverride: {fileID: 0}
  m_ScaleInLightmap: 1
  m_ReceiveGI: 1
  m_PreserveUVs: 0
  m_IgnoreNormalsForChartDetection: 0
  m_ImportantGI: 0
  m_StitchLightmapSeams: 1
  m_SelectedEditorRenderState: 0
  m_MinimumChartSize: 4
  m_AutoUVMaxDistance: 0.5
  m_AutoUVMaxAngle: 89
  m_LightmapParameters: {fileID: 0}
  m_SortingLayerID: 1843606625
  m_SortingLayer: 3
  m_SortingOrder: 0
  m_Sprite: {fileID: 8651248195034405738, guid: 29ed1a7416a4ccf4ebbe01ab3bb07d60, type: 3}
  m_Color: {r: 1, g: 1, b: 1, a: 1}
  m_FlipX: 0
  m_FlipY: 0
  m_DrawMode: 0
  m_Size: {x: 0.2, y: 0.3}
  m_AdaptiveModeThreshold: 0.5
  m_SpriteTileMode: 0
  m_WasSpriteAssigned: 1
  m_MaskInteraction: 0
  m_SpriteSortPoint: 0
--- !u!1 &4596212971926516941
GameObject:
  m_ObjectHideFlags: 0
  m_CorrespondingSourceObject: {fileID: 0}
  m_PrefabInstance: {fileID: 0}
  m_PrefabAsset: {fileID: 0}
  serializedVersion: 6
  m_Component:
  - component: {fileID: 1215752631360859944}
  - component: {fileID: 6342913629515417350}
  - component: {fileID: 444493454325037121}
  - component: {fileID: 7660074593351619175}
  - component: {fileID: 397827739}
  m_Layer: 9
  m_Name: Shield
  m_TagString: Enemy
  m_Icon: {fileID: 0}
  m_NavMeshLayer: 0
  m_StaticEditorFlags: 0
  m_IsActive: 1
--- !u!4 &1215752631360859944
Transform:
  m_ObjectHideFlags: 0
  m_CorrespondingSourceObject: {fileID: 0}
  m_PrefabInstance: {fileID: 0}
  m_PrefabAsset: {fileID: 0}
  m_GameObject: {fileID: 4596212971926516941}
  m_LocalRotation: {x: -0, y: -0, z: -0, w: 1}
  m_LocalPosition: {x: 0.34, y: 0.13199998, z: 0}
  m_LocalScale: {x: 0.85864, y: 0.85864, z: 0.85864}
  m_Children:
  - {fileID: 1006306312986362429}
  m_Father: {fileID: 674501381760886444}
  m_RootOrder: 4
  m_LocalEulerAnglesHint: {x: 0, y: 0, z: 0}
--- !u!212 &6342913629515417350
SpriteRenderer:
  m_ObjectHideFlags: 0
  m_CorrespondingSourceObject: {fileID: 0}
  m_PrefabInstance: {fileID: 0}
  m_PrefabAsset: {fileID: 0}
  m_GameObject: {fileID: 4596212971926516941}
  m_Enabled: 1
  m_CastShadows: 0
  m_ReceiveShadows: 0
  m_DynamicOccludee: 1
  m_MotionVectors: 1
  m_LightProbeUsage: 1
  m_ReflectionProbeUsage: 1
  m_RayTracingMode: 0
  m_RayTraceProcedural: 0
  m_RenderingLayerMask: 1
  m_RendererPriority: 0
  m_Materials:
  - {fileID: 2100000, guid: 9dfc825aed78fcd4ba02077103263b40, type: 2}
  m_StaticBatchInfo:
    firstSubMesh: 0
    subMeshCount: 0
  m_StaticBatchRoot: {fileID: 0}
  m_ProbeAnchor: {fileID: 0}
  m_LightProbeVolumeOverride: {fileID: 0}
  m_ScaleInLightmap: 1
  m_ReceiveGI: 1
  m_PreserveUVs: 0
  m_IgnoreNormalsForChartDetection: 0
  m_ImportantGI: 0
  m_StitchLightmapSeams: 1
  m_SelectedEditorRenderState: 0
  m_MinimumChartSize: 4
  m_AutoUVMaxDistance: 0.5
  m_AutoUVMaxAngle: 89
  m_LightmapParameters: {fileID: 0}
  m_SortingLayerID: 995091793
  m_SortingLayer: 2
  m_SortingOrder: 0
  m_Sprite: {fileID: 21300000, guid: 4225d63f45225cd4898e6d2864781d17, type: 3}
  m_Color: {r: 1, g: 1, b: 1, a: 1}
  m_FlipX: 0
  m_FlipY: 0
  m_DrawMode: 0
  m_Size: {x: 1, y: 1}
  m_AdaptiveModeThreshold: 0.5
  m_SpriteTileMode: 0
  m_WasSpriteAssigned: 1
  m_MaskInteraction: 0
  m_SpriteSortPoint: 0
--- !u!114 &444493454325037121
MonoBehaviour:
  m_ObjectHideFlags: 0
  m_CorrespondingSourceObject: {fileID: 0}
  m_PrefabInstance: {fileID: 0}
  m_PrefabAsset: {fileID: 0}
  m_GameObject: {fileID: 4596212971926516941}
  m_Enabled: 1
  m_EditorHideFlags: 0
  m_Script: {fileID: 11500000, guid: bc5f159400fb6414fbb3d785b66a35c0, type: 3}
  m_Name: 
  m_EditorClassIdentifier: 
--- !u!114 &7660074593351619175
MonoBehaviour:
  m_ObjectHideFlags: 0
  m_CorrespondingSourceObject: {fileID: 0}
  m_PrefabInstance: {fileID: 0}
  m_PrefabAsset: {fileID: 0}
  m_GameObject: {fileID: 4596212971926516941}
  m_Enabled: 1
  m_EditorHideFlags: 0
  m_Script: {fileID: 11500000, guid: 116a4d53ebcae134594b96d8174d59b8, type: 3}
  m_Name: 
  m_EditorClassIdentifier: 
  boss: 0
  bossBandit: 0
  bossWizard: 0
  bossGolem: 0
  Bossname: 
  health: 100000000
  deadEffect: {fileID: 0}
--- !u!70 &397827739
CapsuleCollider2D:
  m_ObjectHideFlags: 0
  m_CorrespondingSourceObject: {fileID: 0}
  m_PrefabInstance: {fileID: 0}
  m_PrefabAsset: {fileID: 0}
  m_GameObject: {fileID: 4596212971926516941}
  m_Enabled: 1
  m_Density: 1
  m_Material: {fileID: 0}
  m_IsTrigger: 1
  m_UsedByEffector: 0
  m_UsedByComposite: 0
  m_Offset: {x: 0.000000029802322, y: 0.000000014901161}
  m_Size: {x: 0.17, y: 0.32}
  m_Direction: 0
--- !u!1 &5580378889181337813
GameObject:
  m_ObjectHideFlags: 0
  m_CorrespondingSourceObject: {fileID: 0}
  m_PrefabInstance: {fileID: 0}
  m_PrefabAsset: {fileID: 0}
  serializedVersion: 6
  m_Component:
  - component: {fileID: 5580378889181337810}
  m_Layer: 9
  m_Name: HurtBox
  m_TagString: Untagged
  m_Icon: {fileID: 0}
  m_NavMeshLayer: 0
  m_StaticEditorFlags: 0
  m_IsActive: 1
--- !u!4 &5580378889181337810
Transform:
  m_ObjectHideFlags: 0
  m_CorrespondingSourceObject: {fileID: 0}
  m_PrefabInstance: {fileID: 0}
  m_PrefabAsset: {fileID: 0}
  m_GameObject: {fileID: 5580378889181337813}
  m_LocalRotation: {x: 0, y: 0, z: 0, w: 1}
  m_LocalPosition: {x: 0, y: 0, z: 0}
  m_LocalScale: {x: 1, y: 1, z: 1}
  m_Children: []
  m_Father: {fileID: 674501381760886444}
  m_RootOrder: 2
  m_LocalEulerAnglesHint: {x: 0, y: 0, z: 0}
--- !u!1001 &177654316
PrefabInstance:
  m_ObjectHideFlags: 0
  serializedVersion: 2
  m_Modification:
    m_TransformParent: {fileID: 1215752631360859944}
    m_Modifications:
    - target: {fileID: 1006306313147238417, guid: c2d90cb5c040d1b47b2763721b632278, type: 3}
      propertyPath: m_RootOrder
      value: 0
      objectReference: {fileID: 0}
    - target: {fileID: 1006306313147238417, guid: c2d90cb5c040d1b47b2763721b632278, type: 3}
      propertyPath: m_LocalScale.x
      value: 0.13450696
      objectReference: {fileID: 0}
    - target: {fileID: 1006306313147238417, guid: c2d90cb5c040d1b47b2763721b632278, type: 3}
      propertyPath: m_LocalScale.y
      value: 0.110337496
      objectReference: {fileID: 0}
    - target: {fileID: 1006306313147238417, guid: c2d90cb5c040d1b47b2763721b632278, type: 3}
      propertyPath: m_LocalScale.z
      value: 0.1103375
      objectReference: {fileID: 0}
    - target: {fileID: 1006306313147238417, guid: c2d90cb5c040d1b47b2763721b632278, type: 3}
      propertyPath: m_LocalPosition.x
      value: -0.65469
      objectReference: {fileID: 0}
    - target: {fileID: 1006306313147238417, guid: c2d90cb5c040d1b47b2763721b632278, type: 3}
      propertyPath: m_LocalPosition.y
      value: 1.2837
      objectReference: {fileID: 0}
    - target: {fileID: 1006306313147238417, guid: c2d90cb5c040d1b47b2763721b632278, type: 3}
      propertyPath: m_LocalPosition.z
      value: -0.11717673
      objectReference: {fileID: 0}
    - target: {fileID: 1006306313147238417, guid: c2d90cb5c040d1b47b2763721b632278, type: 3}
      propertyPath: m_LocalRotation.w
      value: 0.7071068
      objectReference: {fileID: 0}
    - target: {fileID: 1006306313147238417, guid: c2d90cb5c040d1b47b2763721b632278, type: 3}
      propertyPath: m_LocalRotation.x
      value: -0
      objectReference: {fileID: 0}
    - target: {fileID: 1006306313147238417, guid: c2d90cb5c040d1b47b2763721b632278, type: 3}
      propertyPath: m_LocalRotation.y
      value: -0
      objectReference: {fileID: 0}
    - target: {fileID: 1006306313147238417, guid: c2d90cb5c040d1b47b2763721b632278, type: 3}
      propertyPath: m_LocalRotation.z
      value: 0.7071068
      objectReference: {fileID: 0}
    - target: {fileID: 1006306313147238417, guid: c2d90cb5c040d1b47b2763721b632278, type: 3}
      propertyPath: m_LocalEulerAnglesHint.x
      value: 0
      objectReference: {fileID: 0}
    - target: {fileID: 1006306313147238417, guid: c2d90cb5c040d1b47b2763721b632278, type: 3}
      propertyPath: m_LocalEulerAnglesHint.y
      value: 0
      objectReference: {fileID: 0}
    - target: {fileID: 1006306313147238417, guid: c2d90cb5c040d1b47b2763721b632278, type: 3}
      propertyPath: m_LocalEulerAnglesHint.z
      value: 90
      objectReference: {fileID: 0}
    - target: {fileID: 1006306313147238422, guid: c2d90cb5c040d1b47b2763721b632278, type: 3}
      propertyPath: m_Name
      value: LaserMini
      objectReference: {fileID: 0}
    - target: {fileID: 1006306313147238422, guid: c2d90cb5c040d1b47b2763721b632278, type: 3}
      propertyPath: m_Layer
      value: 9
      objectReference: {fileID: 0}
    - target: {fileID: 1006306313147238422, guid: c2d90cb5c040d1b47b2763721b632278, type: 3}
      propertyPath: m_IsActive
      value: 1
      objectReference: {fileID: 0}
    - target: {fileID: 1006306313147238422, guid: c2d90cb5c040d1b47b2763721b632278, type: 3}
      propertyPath: m_TagString
      value: Enemy
      objectReference: {fileID: 0}
    - target: {fileID: 2508478080192580805, guid: c2d90cb5c040d1b47b2763721b632278, type: 3}
      propertyPath: m_Size.y
      value: 0.4
      objectReference: {fileID: 0}
    m_RemovedComponents: []
  m_SourcePrefab: {fileID: 100100000, guid: c2d90cb5c040d1b47b2763721b632278, type: 3}
--- !u!1 &1006306312986362426 stripped
GameObject:
  m_CorrespondingSourceObject: {fileID: 1006306313147238422, guid: c2d90cb5c040d1b47b2763721b632278, type: 3}
  m_PrefabInstance: {fileID: 177654316}
  m_PrefabAsset: {fileID: 0}
--- !u!4 &1006306312986362429 stripped
Transform:
  m_CorrespondingSourceObject: {fileID: 1006306313147238417, guid: c2d90cb5c040d1b47b2763721b632278, type: 3}
  m_PrefabInstance: {fileID: 177654316}
  m_PrefabAsset: {fileID: 0}
--- !u!1001 &340727909
PrefabInstance:
  m_ObjectHideFlags: 0
  serializedVersion: 2
  m_Modification:
    m_TransformParent: {fileID: 1551010268}
    m_Modifications:
    - target: {fileID: 1006306313147238417, guid: c2d90cb5c040d1b47b2763721b632278, type: 3}
      propertyPath: m_RootOrder
      value: 0
      objectReference: {fileID: 0}
    - target: {fileID: 1006306313147238417, guid: c2d90cb5c040d1b47b2763721b632278, type: 3}
      propertyPath: m_LocalScale.x
      value: 0.13450697
      objectReference: {fileID: 0}
    - target: {fileID: 1006306313147238417, guid: c2d90cb5c040d1b47b2763721b632278, type: 3}
      propertyPath: m_LocalScale.y
      value: 0.1103375
      objectReference: {fileID: 0}
    - target: {fileID: 1006306313147238417, guid: c2d90cb5c040d1b47b2763721b632278, type: 3}
      propertyPath: m_LocalScale.z
      value: 0.11033751
      objectReference: {fileID: 0}
    - target: {fileID: 1006306313147238417, guid: c2d90cb5c040d1b47b2763721b632278, type: 3}
      propertyPath: m_LocalPosition.x
      value: 0.95
      objectReference: {fileID: 0}
    - target: {fileID: 1006306313147238417, guid: c2d90cb5c040d1b47b2763721b632278, type: 3}
      propertyPath: m_LocalPosition.y
      value: -1.5995
      objectReference: {fileID: 0}
    - target: {fileID: 1006306313147238417, guid: c2d90cb5c040d1b47b2763721b632278, type: 3}
      propertyPath: m_LocalPosition.z
      value: -0.11717673
      objectReference: {fileID: 0}
    - target: {fileID: 1006306313147238417, guid: c2d90cb5c040d1b47b2763721b632278, type: 3}
      propertyPath: m_LocalRotation.w
      value: 0.7071068
      objectReference: {fileID: 0}
    - target: {fileID: 1006306313147238417, guid: c2d90cb5c040d1b47b2763721b632278, type: 3}
      propertyPath: m_LocalRotation.x
      value: -0
      objectReference: {fileID: 0}
    - target: {fileID: 1006306313147238417, guid: c2d90cb5c040d1b47b2763721b632278, type: 3}
      propertyPath: m_LocalRotation.y
      value: -0
      objectReference: {fileID: 0}
    - target: {fileID: 1006306313147238417, guid: c2d90cb5c040d1b47b2763721b632278, type: 3}
      propertyPath: m_LocalRotation.z
      value: 0.7071068
      objectReference: {fileID: 0}
    - target: {fileID: 1006306313147238417, guid: c2d90cb5c040d1b47b2763721b632278, type: 3}
      propertyPath: m_LocalEulerAnglesHint.x
      value: 0
      objectReference: {fileID: 0}
    - target: {fileID: 1006306313147238417, guid: c2d90cb5c040d1b47b2763721b632278, type: 3}
      propertyPath: m_LocalEulerAnglesHint.y
      value: 0
      objectReference: {fileID: 0}
    - target: {fileID: 1006306313147238417, guid: c2d90cb5c040d1b47b2763721b632278, type: 3}
      propertyPath: m_LocalEulerAnglesHint.z
      value: 90
      objectReference: {fileID: 0}
    - target: {fileID: 1006306313147238422, guid: c2d90cb5c040d1b47b2763721b632278, type: 3}
      propertyPath: m_Name
      value: LaserMini (1)
      objectReference: {fileID: 0}
    - target: {fileID: 1006306313147238422, guid: c2d90cb5c040d1b47b2763721b632278, type: 3}
      propertyPath: m_Layer
      value: 9
      objectReference: {fileID: 0}
    - target: {fileID: 1006306313147238422, guid: c2d90cb5c040d1b47b2763721b632278, type: 3}
      propertyPath: m_IsActive
      value: 0
      objectReference: {fileID: 0}
    - target: {fileID: 1006306313147238422, guid: c2d90cb5c040d1b47b2763721b632278, type: 3}
      propertyPath: m_TagString
      value: Enemy
      objectReference: {fileID: 0}
    - target: {fileID: 2508478080192580805, guid: c2d90cb5c040d1b47b2763721b632278, type: 3}
      propertyPath: m_Size.y
      value: 0.4
      objectReference: {fileID: 0}
    m_RemovedComponents: []
  m_SourcePrefab: {fileID: 100100000, guid: c2d90cb5c040d1b47b2763721b632278, type: 3}
--- !u!1 &1006306312940736627 stripped
GameObject:
  m_CorrespondingSourceObject: {fileID: 1006306313147238422, guid: c2d90cb5c040d1b47b2763721b632278, type: 3}
  m_PrefabInstance: {fileID: 340727909}
  m_PrefabAsset: {fileID: 0}
--- !u!4 &1006306312940736628 stripped
Transform:
  m_CorrespondingSourceObject: {fileID: 1006306313147238417, guid: c2d90cb5c040d1b47b2763721b632278, type: 3}
  m_PrefabInstance: {fileID: 340727909}
  m_PrefabAsset: {fileID: 0}
